%% This BibTeX bibliography file was created using BibDesk.
%% http://bibdesk.sourceforge.net/

%% Created for OIJID at 2018-07-02 14:32:23 +0200 


%% Saved with string encoding Unicode (UTF-8) 



@misc{ref8,
	Abstract = {Cado-NFS},
	Annote = {Cado-NFS},
	Author = {The CADO-NFS Development Team},
	Date-Added = {2018-07-02 12:18:30 +0000},
	Date-Modified = {2018-07-02 12:32:21 +0000},
	Howpublished = {http://cado-nfs.gforge.inria.fr/},
	Read = {0},
	Title = {{CADO-NFS, An Implementation of the Number Field Sieve Algorithm}},
	Url = {http://cado-nfs.gforge.inria.fr/},
	Year = {2017}}

@article{ref7,
	Author = {D. M. Gordon},
	Date-Added = {2018-06-14 12:27:43 +0000},
	Date-Modified = {2018-07-02 11:05:22 +0000},
	Journal = {SIAM Journal on Discrete Mathematics},
	Title = {Discrete logarithms in GF(p) using the number field sieve.},
	Year = {1993}}

@article{ref6,
	Author = {Arjen K., Lenstra},
	Date-Added = {2018-06-08 13:13:12 +0000},
	Date-Modified = {2018-06-12 10:21:14 +0000},
	Journal = {Designs, Codes and Cryptography},
	Title = {Integer Factoring},
	Year = {2000}}

@jurthesis{ref5,
	Author = {Alexander Kruppa},
	Date-Added = {2018-06-07 14:07:51 +0000},
	Date-Modified = {2018-06-07 14:08:43 +0000},
	School = {Universit{\'e} de Lorraine},
	Title = {Am{\'e}liorations de la multiplication et de la factorisation d'entier},
	Year = {2010}}

@jurthesis{ref4,
	Author = {Cyril Bouvier},
	Date-Added = {2018-06-07 14:05:38 +0000},
	Date-Modified = {2018-06-07 14:07:04 +0000},
	School = {Universit{\'e} de Lorraine},
	Title = {Algorithmes pour la factorisation d'entiers et le calcul de logarithme discret},
	Year = {2015}}

@book{ref3,
	Author = {Samuel S. Wagstaff},
	Date-Added = {2018-06-07 12:09:33 +0000},
	Date-Modified = {2018-06-12 09:34:10 +0000},
	Publisher = {American Mathematical Society},
	Title = {The Joy of Factoring},
	Year = {2013}}

@article{ref2,
	Author = {J.M. Pollard},
	Date-Added = {2018-06-07 11:48:28 +0000},
	Date-Modified = {2018-06-07 11:49:12 +0000},
	Journal = {Mathematics Subject Classification},
	Title = {Factoring with cubic integers},
	Year = {1991}}

@article{ref1,
	Author = {Carl Pomerance},
	Date-Added = {2018-06-07 11:43:42 +0000},
	Date-Modified = {2018-06-12 09:33:52 +0000},
	Journal = {Notices of the AMS},
	Title = {{A Tale of Two Sieves}},
	Year = {1996}}
